@Book{Golub-BOOK-1996,
  Title                    = {Matrix Computations},
  Author                   = {Golub, Gene H. and Van Loan, Charles F.},
  Publisher                = {The Johns Hopkins University Press},
  Year                     = {1996},
  Edition                  = {Third}
}

@book{Hartley-Book-2004,
  title={Multiple view geometry in computer vision},
  author={Hartley, Richard and Zisserman, Andrew},
  year={2003},
  publisher={Cambridge university press}
}


@misc{Jongerius-Online-2023,
  author = "Jerry Jongerius",
  title = "How to properly use the Thin Lens Formula",
  year = "2023",
  url = "https://www.panohelp.com/thinlensformula.html",
  note = "[Online]"
}

@misc{Autofocus-Online-2023,
author = {{Does Autofocus Change Focal Length?}},
title = "Does Autofocus Change Focal Length?", 
year = "2023",
url = "https://yourphotoadvisor.com/does-autofocus-change-focal-length/",
note = "[Online]"
}

@misc{Eigvals-Wiki-2023,
  author = {{Eigenvalue perturbation}},
  title = "Eigenvalue perturbation --- {W}ikipedia{,} The Free Encyclopedia",
  year = "2023",
  url = "https://en.wikipedia.org/wiki/Eigenvalue_perturbation",
  note = "[Online]"
}

@misc{RealProjectivePlane-Wiki-2023,
  author = {{Real Projective Plane}},
  title = "Real Projective Plane --- {W}ikipedia{,} The Free Encyclopedia",
  year = "2023",
  url = "https://en.wikipedia.org/wiki/Real_projective_plane",
  note = "[Online]"
}

@book{Ma-Book-2003,
author = {Ma, Yi and Soatto, Stefano and Kosecka, Jana and Sastry, S. Shankar},
title = {An Invitation to 3-D Vision: From Images to Geometric Models},
year = {2003},
isbn = {0387008934},
publisher = {SpringerVerlag},
url = "https://drive.google.com/file/d/1sEwQfuQjPxaClzkvE9APf9j9a6kL3B2k/view?usp=sharing"
}

@misc{Birchfield-Tutorial-1998,
author = "Stan Birchfield",
title = "An Introduction to Prqojective Geometry",
year = "1998",
url = "http://robotics.stanford.edu/~birch/projective/",
note = "[Online]"
}

@misc{EulerRodrigues-Online-2013,
author = "Steve Cheng",
title = "proof of Rodriguesâ€™ rotation formula",
year = "2013",
url = "https://planetmath.org/proofofrodriguesrotationformula",
note = "[Online]"
}

